
@article{powell2020tried,
  title={I tried a bunch of things: the dangers of unexpected overfitting in classification},
  author={Powell, Michael and Hosseini, Mahan and Collins, John and Callahan-Flintoft, Chloe and Jones, William and Bowman, Howard and Wyble, Brad},
  journal={bioRxiv},
  volume={078816},
  year={2020},
  publisher={Cold Spring Harbor Laboratory}
}

@article{domingos2012few,
  title={A few useful things to know about machine learning},
  author={Domingos, Pedro},
  journal={Communications of the ACM},
  volume={55},
  number={10},
  pages={78--87},
  year={2012},
  publisher={ACM New York, NY, USA}
}

@article{mehani2024modified,
  title     = {Modified isotropic and kinematic hardening equations for 304L SS under low cycle fatigue},
  author    = {Mehani, Neha and Roy, Samir Chandra},
  journal   = {Computational Materials Science},
  volume    = {240},
  pages     = {112999},
  year      = {2024},
  doi       = {10.1016/j.commatsci.2024.112999},
  publisher = {Elsevier}
}

@incollection{vcuklina2020review,
  title={Review of batch effects prevention, diagnostics, and correction approaches},
  author={{\v{C}}uklina, Jelena and Pedrioli, Patrick GA and Aebersold, Ruedi},
  booktitle={Mass Spectrometry Data Analysis in Proteomics},
  pages={373--387},
  year={2020},
  publisher={Springer}
}

@book{hill1950,
  title     = {The Mathematical Theory of Plasticity},
  author    = {Hill, Rodney},
  year      = {1950},
  publisher = {Oxford University Press},
  address   = {Oxford, UK}
}

@book{jahed2021cyclic,
  title     = {Cyclic Plasticity of Metals: Modeling Fundamentals and Applications},
  editor    = {Jahed, Hamid and Roostaei, Ali A.\ A.},
  year      = {2021},
  publisher = {Elsevier},
  address   = {Amsterdam, Netherlands},
  edition   = {1st},
  isbn      = {9780128192931},
  doi       = {10.1016/C2018-0-04874-4}
}

@book{hosford2005,
  title     = {Mechanical Behavior of Materials},
  author    = {Hosford, William F.},
  year      = {2009},
  edition   = {2nd},
  publisher = {Cambridge University Press},
  address   = {Cambridge, UK}
}

@book{callister2010,
  title     = {Materials Science and Engineering: An Introduction},
  author    = {Callister, William D.},
  year      = {2010},
  edition   = {8th},
  publisher = {John Wiley \& Sons, Inc.},
  address   = {Versailles, NJ, USA}
}

@book{taylor1934plastic,
  title     = {The Mechanism of Plastic Deformation of Crystals. Part I. Theoretical},
  author    = {Taylor, G. I.},
  year      = {1934},
  publisher = {Proceedings of the Royal Society of London. Series A, Containing Papers of a Mathematical and Physical Character},
  address   = {London, UK}
}

@book{hansen2014scientific,
  title={Scientific Visualization},
  author={Hansen, Charles D and Chen, Min and Johnson, Christopher R and Kaufman, Arie E and Hagen, Hans},
  year={2014},
  publisher={Springer}
}


@misc{WWW-GO,
    author = {{The Gene Ontology Consortium}},
    title = {{The Gene Ontology Resource}},
    howpublished = 
    {\url{http://www.geneontology.org/} $\;$ URL visited on 21st April 2022}
}
@misc{WWW-DWE,
    author = {{Oliver Pieper}},
    title = {{German housing crisis: 'Like winning the lottery!'}},
    howpublished = 
    {\url{https://www.dw.com/en/german-housing-crisis-finding-a-home-like-winning-the-lottery/a-68840785} $\;$ URL visited on 2nd March 2025}
}

@misc{TOKYO,
    author = {{Tokyo Polytechnic University}},
    title = {{TPU Aerodynamic Database'}},
    howpublished = 
    {\url{https://www.wind.arch.t-kougei.ac.jp/eng/} $\;$}
}



